<record><leader>00000cas a22000007a 4500</leader><controlfield tag="001">20077720</controlfield><controlfield tag="008">890727d18811893nduwr ne      0    0eng d</controlfield><datafield ind1=" " ind2=" " tag="010"><subfield code="a">sn 89074207 </subfield></datafield><datafield ind1=" " ind2=" " tag="040"><subfield code="a">NOP</subfield><subfield code="b">eng</subfield><subfield code="c">NOP</subfield><subfield code="d">OCLCQ</subfield></datafield><datafield ind1=" " ind2=" " tag="042"><subfield code="a">msc</subfield></datafield><datafield ind1="0" ind2="4" tag="245"><subfield code="a">The Lisbon star.</subfield></datafield><datafield ind1="3" ind2="0" tag="246"><subfield code="a">Star</subfield></datafield><datafield ind1=" " ind2=" " tag="260"><subfield code="a">Lisbon, Ransom County, N.D. :</subfield><subfield code="b">Herbert S. Harcourt</subfield></datafield><datafield ind1=" " ind2=" " tag="300"><subfield code="a">13 v. :</subfield><subfield code="b">ill. ;</subfield><subfield code="c">61 cm.</subfield></datafield><datafield ind1=" " ind2=" " tag="310"><subfield code="a">Weekly</subfield></datafield><datafield ind1="0" ind2=" " tag="362"><subfield code="a">Vol. 1, no. 1 (July 7, 1881)-v. 13, no. 1 (May 26, 1893).</subfield></datafield><datafield ind1=" " ind2=" " tag="500"><subfield code="a">Publishers block sometimes reads: The Star.</subfield></datafield><datafield ind1=" " ind2=" " tag="500"><subfield code="a">"One of the Official Papers of Ransom County", 1888-1889.</subfield></datafield><datafield ind1=" " ind2=" " tag="500"><subfield code="a">"Official Paper of City and County", 1889-1893.</subfield></datafield><datafield ind1=" " ind2=" " tag="530"><subfield code="a">Available on microfilm from the State Historical Society of North Dakota.</subfield></datafield><datafield ind1=" " ind2=" " tag="752"><subfield code="a">United States</subfield><subfield code="b">North Dakota</subfield><subfield code="c">Ransom</subfield><subfield code="d">Lisbon.</subfield></datafield><datafield ind1="0" ind2="0" tag="785"><subfield code="t">Lisbon weekly free-press and the star</subfield><subfield code="w">(DLC)sn 89074208</subfield></datafield></record>